
@book{kareiva_natural_2012,
	title = {Natural {Capital}. {Theory} and {Practice} of {Mapping} {Ecosystem} {Services}.},
	isbn = {978-0-19-958899-2},
	publisher = {Oxford University Press},
	author = {Kareiva, Peter and Tallis, Heather and Ricketts, Taylor H. and Daily, Gretchen C. and Polasky, Stephen},
	year = {2012},
}

@article{salecker_efforts-lgraf_2019,
	title = {{EFForTS}-{LGraf}: {A} landscape generator for creating smallholder-driven land-use mosaics},
	volume = {14},
	issn = {1932-6203},
	shorttitle = {{EFForTS}-{LGraf}},
	url = {http://dx.plos.org/10.1371/journal.pone.0222949},
	doi = {10.1371/journal.pone.0222949},
	language = {en},
	number = {9},
	urldate = {2020-05-05},
	journal = {PLOS ONE},
	author = {Salecker, Jan and Dislich, Claudia and Wiegand, Kerstin and Meyer, Katrin M. and Pe´er, Guy},
	editor = {Aldrich, Stephen P.},
	month = sep,
	year = {2019},
	pages = {e0222949},
	file = {Salecker et al. - 2019 - EFForTS-LGraf A landscape generator for creating .pdf:C\:\\Users\\JuliaHenzler\\Zotero\\storage\\JN7GRDAP\\Salecker et al. - 2019 - EFForTS-LGraf A landscape generator for creating .pdf:application/pdf},
}

@article{salecker_nlrx_2019,
	title = {The nlrx r package: {A} next‐generation framework for reproducible {NetLogo} model analyses},
	volume = {10},
	issn = {2041-210X, 2041-210X},
	shorttitle = {The {\textless}span style="font-variant},
	url = {https://onlinelibrary.wiley.com/doi/abs/10.1111/2041-210X.13286},
	doi = {10.1111/2041-210X.13286},
	language = {en},
	number = {11},
	urldate = {2020-05-03},
	journal = {Methods in Ecology and Evolution},
	author = {Salecker, Jan and Sciaini, Marco and Meyer, Katrin M. and Wiegand, Kerstin},
	editor = {Graham, Laura},
	month = nov,
	year = {2019},
	pages = {1854--1863},
	file = {Salecker et al. - 2019 - The span style=font-variantsmall-caps\;nlrx r.pdf:C\:\\Users\\JuliaHenzler\\Zotero\\storage\\DM8PJ4QA\\Salecker et al. - 2019 - The span style=font-variantsmall-caps\;nlrx r.pdf:application/pdf},
}

@article{dislich_land-use_2018,
	title = {Land-use change in oil palm dominated tropical landscapes—{An} agent-based model to explore ecological and socio-economic trade-offs},
	volume = {13},
	issn = {1932-6203},
	url = {https://dx.plos.org/10.1371/journal.pone.0190506},
	doi = {10.1371/journal.pone.0190506},
	language = {en},
	number = {1},
	urldate = {2020-03-13},
	journal = {PLOS ONE},
	author = {Dislich, Claudia and Hettig, Elisabeth and Salecker, Jan and Heinonen, Johannes and Lay, Jann and Meyer, Katrin M. and Wiegand, Kerstin and Tarigan, Suria},
	editor = {Webb, Edward},
	month = jan,
	year = {2018},
	pages = {e0190506},
	file = {Dislich et al. - 2018 - Land-use change in oil palm dominated tropical lan.pdf:C\:\\Users\\JuliaHenzler\\Zotero\\storage\\JM673VFZ\\Dislich et al. - 2018 - Land-use change in oil palm dominated tropical lan.pdf:application/pdf},
}

@misc{sharp_r_invest_nodate,
	title = {{InVEST} 3.9.0.post77+ug.g875ac02 {User}’s {Guide}},
	publisher = {The Natural Capital Project, Stanford University, University of Minnesota, The Nature Conservancy, and World Wildlife Fund},
	author = {{Sharp, R.} and {Douglass, J.} and {Wolny, S.} and {Arkema, K.} and {Bernhardt, J.} and {Bierbower, W.} and {Chaumont, N.} and {Denu, D.} and {Fisher, D.} and {Glowinski, K.} and {Griffin, R.} and {Guannel, G.} and {Guerry, A.} and {Johnson, J.} and {Hamel, P.} and {Kennedy, C.} and {Kim, C.K.} and {Lacayo, M.} and {Lonsdorf, E.} and {Mandle, L.} and {Rogers, L.} and {Silver, J.} and {Toft, J.} and {Verutes, G.} and {Vogl, A. L.} and {Wood, S.} and {Wyatt, K.}},
}

@article{bashar_requirements_2000,
	title = {Requirements {Engineering}: {A} {Roadmap}},
	url = {https://doi.org/10.1145/336512.336523},
	doi = {10.1145/336512.336523},
	journal = {Association for Computing Machinery},
	author = {Bashar, , Nuseibeh and {Easterbrook, Steve}},
	year = {2000},
	pages = {35--46},
}

@article{a_contan_test_2018,
	title = {Test automation pyramid from theory to practice},
	doi = {10.1109/AQTR.2018.8402699},
	journal = {IEEE International Conference on Automation, Quality and Testing, Robotics (AQTR)},
	author = {{A. Contan} and {C. Dehelean} and {L. Miclea}},
	year = {2018},
	pages = {1--5},
}
